@article{greenwade93,
    author  = "George D. Greenwade",
    title   = "The {C}omprehensive {T}ex {A}rchive {N}etwork ({CTAN})",
    year    = "1993",
    journal = "TUGBoat",
    volume  = "14",
    number  = "3",
    pages   = "342--351"
}

 @misc{ wiki:Stroboscoop,
   author 	= "{Wikipedia contributors}",
   title 	= "Stroboscoop --- {W}ikipedia{,} De vrije encyclopedie",
   year 	= "2018",
   url	 	= "https://nl.wikipedia.org/wiki/Stroboscoop",
   note 	= "[Online; geraadpleegd op 21 mei 2018]"
 }

@misc{ontwerp,
  author       = "{D. Pauwels}", 
  title        = "{PCB ontwerptechnieken}",
  url	 	   = "ftp://telescript.thomasmore.be/../pub/CD-Microcontrollers/IIW/PCB%20design/PCB%20ontwerp.pdf",
  note         = "{p. 45}"
}

 @misc{ Github:TimerOne,
   author 	= "{Paul Stoffregen}",
   title 	= "Paul Stoffregen's modified TimerOne.",
   url	 	= "https://github.com/PaulStoffregen/TimerOne",
   note 	= "[Online; geraadpleegd op 15 maart 2018]"
 }
 
  @misc{ mathertel:RotaryEncoder,
   author 	= "{Matthias Hertel}",
   title 	= "A Library for the Arduino environment for using a rotary encoder as an input.",
   url	 	= "http://www.mathertel.de/Arduino/RotaryEncoderLibrary.aspx",
   note 	= "[Online; geraadpleegd op 15 maart 2018]"
 }
